@article{knuth:2019,
  title={Price discovery in Bitcoin spot or futures?},
  author={D G Bauer and T Dimpfl},
  journal={Journal of Futures Markets},
  volume={39(7)},
  pages={803--817},
  year={2019}
}

@article{knuth:2018,
  title={Exploring the dynamic relationships between cryptocurrencies and other financial assets.},
  author={Corbet and others},
  journal={Economic Letters},
  volume={165(1)},
  pages={28--34},
  year={2018}
}

@misc{CryptoGithub,
  author = {Alam, M.C., Du, A., Fischer, J.},
  title = {Crypto hedging with traditional asset classes},
  year = {2023},
  publisher = {GitHub},
  journal = {GitHub repository},
  howpublished = {\url{https://github.com/duangel/Final--crypto}},
}
